<?xml version="1.0" encoding="UTF-8"?><record xmlns="http://www.loc.gov/MARC21/slim" xmlns:cinclude="http://apache.org/cocoon/include/1.0" xmlns:zs="http://www.loc.gov/zing/srw/">
  <leader>00464cz  a2200133n  4500</leader>
  <controlfield tag="001">n 2003037989</controlfield>
  <controlfield tag="003">DLC</controlfield>
  <controlfield tag="005">20120815080103.0</controlfield>
  <controlfield tag="008">030211n| acannaabn          |n aaa      </controlfield>
  <datafield tag="010" ind1=" " ind2=" ">
    <subfield code="a">n 2003037989</subfield>
  </datafield>
  <datafield tag="040" ind1=" " ind2=" ">
    <subfield code="a">DLC</subfield>
    <subfield code="b">eng</subfield>
    <subfield code="c">DLC</subfield>
    <subfield code="d">DLC</subfield>
  </datafield>
  <datafield tag="100" ind1="0" ind2=" ">
    <subfield code="a">Pius</subfield>
    <subfield code="b">II,</subfield>
    <subfield code="c">Pope,</subfield>
    <subfield code="d">1405-1464.</subfield>
    <subfield code="t">Epistola ad Mahumetem.</subfield>
    <subfield code="l">German &amp; Latin</subfield>
  </datafield>
  <datafield tag="667" ind1=" " ind2=" ">
    <subfield code="a">THIS 1XX FIELD CANNOT BE USED UNDER RDA UNTIL THIS RECORD HAS BEEN REVIEWED AND/OR UPDATED</subfield>
  </datafield>
  <datafield tag="670" ind1=" " ind2=" ">
    <subfield code="a">Pius II, Pope. Epistola ad Mahumetem, 2001</subfield>
  </datafield>
</record>